
@InProceedings{	  abbaspour-asadollah.inam.ea:survey,
  author	= {Abbaspour Asadollah, Sara and Inam, Rafia and Hansson,
		  Hans},
  title		= {A Survey on Testing for Cyber Physical System},
  booktitle	= {Proceedings of the 27th IFIP WG 6.1 International
		  Conference on Testing Software and Systems - Volume 9447},
  series	= {ICTSS 2015},
  year		= {2015},
  isbn		= {978-3-319-25944-4},
  location	= {Sharjah and Dubai, United Arab Emirates},
  pages		= {194--207},
  numpages	= {14},
  url		= {http://dx.doi.org/10.1007/978-3-319-25945-1_12},
  doi		= {10.1007/978-3-319-25945-1_12},
  acmid		= {2960301},
  publisher	= {Springer-Verlag New York, Inc.},
  address	= {New York, NY, USA},
  keywords	= {Cyber physical systems, Survey, Testing}
}

@InProceedings{	  abbes.khomh.ea:empirical,
  title		= {An empirical study of the impact of two antipatterns, blob
		  and spaghetti code, on program comprehension},
  author	= {Abbes, Marwen and Khomh, Foutse and Gueheneuc, Yann-Gael
		  and Antoniol, Giuliano},
  booktitle	= {Software maintenance and reengineering (CSMR), 2011 15th
		  European conference on},
  pages		= {181--190},
  year		= {2011}
}

@InProceedings{	  afshan.mcminn.ea:evolving,
  author	= {Afshan, Sheeva and McMinn, Phil and Stevenson, Mark},
  title		= {Evolving Readable String Test Inputs Using a Natural
		  Language Model to Reduce Human Oracle Cost},
  booktitle	= {Proceedings of the 2013 IEEE Sixth International
		  Conference on Software Testing, Verification and
		  Validation},
  series	= {ICST '13},
  year		= {2013},
  isbn		= {978-0-7695-4968-2},
  pages		= {352--361},
  numpages	= {10},
  url		= {http://dx.doi.org/10.1109/ICST.2013.11},
  doi		= {10.1109/ICST.2013.11},
  acmid		= {2511616},
  publisher	= {IEEE Computer Society},
  address	= {Washington, DC, USA}
}

@Article{	  aggrawal.singh.ea:code,
  title		= {Code coverage based technique for prioritizing test cases
		  for regression testing},
  author	= {Aggrawal, KK and Singh, Yogesh and Kaur, Arvinder},
  journal	= {ACM SIGSOFT Software Engineering Notes},
  volume	= {29},
  number	= {5},
  pages		= {1--4},
  year		= {2004},
  publisher	= {ACM New York, NY, USA}
}

@InProceedings{	  albert.gomez-zamalloa.ea:resource-driven,
  title		= {Resource-driven CLP-based test case generation},
  author	= {Albert, Elvira and G{\'o}mez-Zamalloa, Miguel and Rojas,
		  Jos{\'e} Miguel},
  booktitle	= {International Symposium on Logic-Based Program Synthesis
		  and Transformation},
  pages		= {25--41},
  year		= {2011},
  organization	= {Springer}
}

@InProceedings{	  albunian:diversity,
  author	= {Nasser M. Albunian},
  title		= {Diversity in Search-Based Unit Test Suite Generation},
  booktitle	= {Proceedings of the 9th International Symposium Search
		  Based Software Engineering},
  series	= {SSBSE '17},
  location	= {Paderborn, Germany},
  pages		= {183--189},
  numpages	= {7},
  year		= {2017},
  publisher	= {Springer}
}

@InProceedings{	  andrews.briand.ea:is,
  title		= {Is mutation an appropriate tool for testing experiments?},
  author	= {Andrews, James H and Briand, Lionel C and Labiche, Yvan},
  booktitle	= {Proceedings of the 27th international conference on
		  Software engineering},
  pages		= {402--411},
  year		= {2005},
  organization	= {ACM}
}

@Manual{	  aniche:java,
  title		= {Java code metrics calculator (CK)},
  author	= {Maurício Aniche},
  year		= {2015},
  note		= {Available in https://github.com/mauricioaniche/ck/}
}

@InProceedings{	  arcuri.briand:practical,
  title		= {A practical guide for using statistical tests to assess
		  randomized algorithms in software engineering},
  author	= {Arcuri, Andrea and Briand, Lionel},
  booktitle	= {2011 33rd International Conference on Software Engineering
		  (ICSE)},
  pages		= {1--10},
  year		= {2011},
  organization	= {IEEE}
}

@Article{	  arcuri.fraser:parameter,
  author	= {Andrea Arcuri and Gordon Fraser},
  title		= {Parameter tuning or default values? An empirical
		  investigation in search-based software engineering},
  journal	= {Empirical Software Engineering},
  volume	= {18},
  number	= {3},
  pages		= {594--623},
  year		= {2013}
}

@InProceedings{	  arcuri:it,
  title		= {It does matter how you normalise the branch distance in
		  search based software testing},
  author	= {Arcuri, Andrea},
  booktitle	= {Software Testing, Verification and Validation (ICST), 2010
		  Third International Conference on},
  pages		= {205--214},
  year		= {2010},
  organization	= {IEEE}
}

@Book{		  baeza-yates.ribeiro-neto.ea:modern,
  title		= {Modern information retrieval},
  author	= {Baeza-Yates, Ricardo and Ribeiro-Neto, Berthier and
		  others},
  volume	= {463},
  year		= {1999},
  publisher	= {ACM press New York}
}

@Article{	  barr.harman.ea:oracle,
  author	= {E. T. {Barr} and M. {Harman} and P. {McMinn} and M.
		  {Shahbaz} and S. {Yoo}},
  journal	= {IEEE Transactions on Software Engineering},
  title		= {The Oracle Problem in Software Testing: A Survey},
  year		= {2015},
  volume	= {41},
  number	= {5},
  pages		= {507-525},
  keywords	= {formal specification;program testing;test oracle
		  problem;test oracle information;informal
		  specifications;domain specific information;informal oracle
		  guidance;software testing research;software testing
		  practice;oracle automation;contract-driven
		  development;metamorphic testing;oracle
		  automation;Probabilistic logic;Licenses;Automation;Software
		  testing;Market research;Reliability;Test oracle;Automatic
		  testing;Testing formalism;Test oracle;automatic
		  testing;testing formalism},
  doi		= {10.1109/TSE.2014.2372785},
  issn		= {0098-5589},
  month		= {May}
}

@Article{	  basili.briand.ea:validation,
  title		= {A validation of object-oriented design metrics as quality
		  indicators},
  author	= {Basili, Victor R and Briand, Lionel C. and Melo,
		  Walc{\'e}lio L},
  journal	= {IEEE Transactions on software engineering},
  volume	= {22},
  number	= {10},
  pages		= {751--761},
  year		= {1996},
  publisher	= {IEEE}
}

@Article{	  bavota.qusef.ea:are,
  title		= {Are test smells really harmful? An empirical study},
  author	= {Bavota, Gabriele and Qusef, Abdallah and Oliveto, Rocco
		  and De Lucia, Andrea and Binkley, Dave},
  journal	= {Empirical Software Engineering},
  volume	= {20},
  number	= {4},
  pages		= {1052--1094},
  year		= {2015},
  publisher	= {Springer}
}

@InProceedings{	  bavota.qusef.ea:empirical,
  author	= {Bavota, Gabriele and Qusef, Abdallah and Oliveto, Rocco
		  and De Lucia, Andrea and Binkley, David},
  title		= {An empirical analysis of the distribution of unit test
		  smells and their impact on software maintenance},
  booktitle	= {Software Maintenance (ICSM), 2012 28th IEEE International
		  Conference on},
  year		= {2012},
  pages		= {56--65},
  organization	= {IEEE}
}

@Book{		  beck:test-driven,
  title		= {Test-driven development: by example},
  author	= {Beck, Kent},
  year		= {2003},
  publisher	= {Addison-Wesley Professional}
}

@Article{	  beller.gousios.ea:developer,
  author	= {Beller, M. and Gousios, G. and Panichella, A. and Proksch,
		  S. and Amann, S. and Zaidman, A.},
  journal	= {IEEE Transactions on Software Engineering},
  title		= {Developer Testing in the {IDE}: Patterns, Beliefs, and
		  Behavior},
  year		= {2017},
  volume	= {PP},
  number	= {99},
  pages		= {1-1},
  doi		= {10.1109/TSE.2017.2776152},
  issn		= {0098-5589}
}

@InProceedings{	  beller.gousios.ea:oops,
  title		= {Oops, my tests broke the build: An explorative analysis of
		  Travis CI with GitHub},
  author	= {Beller, Moritz and Gousios, Georgios and Zaidman, Andy},
  booktitle	= {Proceedings of the 14th International Conference on Mining
		  Software Repositories},
  pages		= {356--367},
  year		= {2017},
  organization	= {IEEE press}
}

@Article{	  blum.langley:selection,
  title		= {Selection of relevant features and examples in machine
		  learning},
  author	= {Blum, Avrim L and Langley, Pat},
  journal	= {Artificial intelligence},
  volume	= {97},
  number	= {1-2},
  pages		= {245--271},
  year		= {1997},
  publisher	= {Elsevier}
}

@Article{	  borges.valente:what,
  title		= {What's in a GitHub star? understanding repository starring
		  practices in a social coding platform},
  author	= {Borges, Hudson and Valente, Marco Tulio},
  journal	= {Journal of Systems and Software},
  volume	= {146},
  pages		= {112--129},
  year		= {2018},
  publisher	= {Elsevier}
}

@InProceedings{	  bowes.hall.ea:how,
  title		= {How good are my tests?},
  author	= {Bowes, David and Hall, Tracy and Petric, Jean and Shippey,
		  Thomas and Turhan, Burak},
  booktitle	= {2017 IEEE/ACM 8th Workshop on Emerging Trends in Software
		  Metrics (WETSoM)},
  pages		= {9--14},
  year		= {2017},
  organization	= {IEEE}
}

@Article{	  brant:assessing,
  title		= {Assessing proportionality in the proportional odds model
		  for ordinal logistic regression},
  author	= {Brant, Rollin},
  journal	= {Biometrics},
  pages		= {1171--1178},
  year		= {1990},
  publisher	= {JSTOR}
}

@Article{	  briand.bunse.ea:controlled,
  title		= {A controlled experiment for evaluating quality guidelines
		  on the maintainability of object-oriented designs},
  author	= {Briand, Lionel C. and Bunse, Christian and Daly, John W.},
  journal	= {IEEE Transactions on Software Engineering},
  volume	= {27},
  number	= {6},
  pages		= {513--530},
  year		= {2001},
  publisher	= {IEEE}
}

@InProceedings{	  brown.vaughn.ea:care,
  title		= {The care and feeding of wild-caught mutants},
  author	= {Brown, David Bingham and Vaughn, Michael and Liblit, Ben
		  and Reps, Thomas},
  booktitle	= {Proceedings of the 2017 11th Joint Meeting on Foundations
		  of Software Engineering},
  pages		= {511--522},
  year		= {2017},
  organization	= {ACM}
}

@PhDThesis{	  budd:mutation,
  author	= {Budd, Timothy Alan},
  title		= {Mutation Analysis of Program Test Data},
  year		= {1980},
  note		= {AAI8025191},
  publisher	= {Yale University},
  address	= {New Haven, CT, USA}
}

@Article{	  buse.weimer:learning,
  title		= {Learning a metric for code readability},
  author	= {Buse, Raymond PL and Weimer, Westley R},
  journal	= {IEEE Transactions on Software Engineering},
  volume	= {36},
  number	= {4},
  pages		= {546--558},
  year		= {2010},
  publisher	= {IEEE}
}

@Article{	  cai.lyu:effect,
  author	= {Xia Cai and Michael R. Lyu},
  title		= {The effect of code coverage on fault detection under
		  different testing profiles},
  journal	= {{ACM} {SIGSOFT} Software Engineering Notes},
  volume	= {30},
  number	= {4},
  pages		= {1--7},
  year		= {2005}
}

@InProceedings{	  campos.arcuri.ea:continuous,
  author	= {Campos, Jos{\'e} and Arcuri, Andrea and Fraser, Gordon and
		  Abreu, Rui},
  title		= {Continuous Test Generation: Enhancing Continuous
		  Integration with Automated Test Generation},
  booktitle	= {Proceedings of the 29th ACM/IEEE International Conference
		  on Automated Software Engineering},
  series	= {ASE '14},
  year		= {2014},
  isbn		= {978-1-4503-3013-8},
  location	= {Vasteras, Sweden},
  pages		= {55--66},
  numpages	= {12},
  url		= {http://doi.acm.org/10.1145/2642937.2643002},
  doi		= {10.1145/2642937.2643002},
  acmid		= {2643002},
  publisher	= {ACM},
  address	= {New York, NY, USA},
  keywords	= {automated test generation, continuous integration,
		  continuous testing, unit testing}
}

@InProceedings{	  campos.ge.ea:empirical,
  author	= {Jos{\'{e}} Campos and Yan Ge and Gordon Fraser and Marcelo
		  Eler and Andrea Arcuri},
  title		= {An Empirical Evaluation of Evolutionary Algorithms for
		  Test Suite Generation},
  booktitle	= {Proceedings of the 9th International Symposium on Search
		  Based Software Engineering {SSBSE} 2017},
  pages		= {33--48},
  year		= {2017},
  doi		= {10.1007/978-3-319-66299-2_3},
  timestamp	= {Tue, 29 Aug 2017 15:14:25 +0200}
}

@InProceedings{	  catolino.palomba.ea:how,
  author	= {Gemma Catolino and Fabio Palomba and Andy Zaidman and
		  Filomena Ferrucci},
  title		= {How the Experience of Development Teams Relates to
		  Assertion Density of Test Classes},
  booktitle	= {{ICSME}},
  pages		= {223--234},
  publisher	= {{IEEE}},
  year		= {2019}
}

@Article{	  cawley.talbot:on,
  title		= {On over-fitting in model selection and subsequent
		  selection bias in performance evaluation},
  author	= {Cawley, Gavin C and Talbot, Nicola LC},
  journal	= {Journal of Machine Learning Research},
  volume	= {11},
  number	= {Jul},
  pages		= {2079--2107},
  year		= {2010}
}

@Article{	  chawla.bowyer.ea:smote,
  title		= {SMOTE: synthetic minority over-sampling technique},
  author	= {Chawla, Nitesh V and Bowyer, Kevin W and Hall, Lawrence O
		  and Kegelmeyer, W Philip},
  journal	= {Journal of artificial intelligence research},
  volume	= {16},
  pages		= {321--357},
  year		= {2002}
}

@Article{	  chen.kim:star,
  title		= {STAR: stack trace based automatic crash reproduction via
		  symbolic execution},
  author	= {Chen, Ning and Kim, Sunghun},
  journal	= {IEEE transactions on software engineering},
  volume	= {41},
  number	= {2},
  pages		= {198--220},
  year		= {2015},
  publisher	= {IEEE}
}

@Article{	  chidamber.kemerer:metrics,
  title		= {A metrics suite for object oriented design},
  author	= {Chidamber, Shyam R and Kemerer, Chris F},
  journal	= {IEEE Transactions on software engineering},
  volume	= {20},
  number	= {6},
  pages		= {476--493},
  year		= {1994},
  publisher	= {IEEE}
}

@InProceedings{	  coles.laurent.ea:pit,
  title		= {PIT: a practical mutation testing tool for java},
  author	= {Coles, Henry and Laurent, Thomas and Henard, Christopher
		  and Papadakis, Mike and Ventresque, Anthony},
  booktitle	= {Proceedings of the 25th International Symposium on
		  Software Testing and Analysis},
  year		= {2016}
}

@Book{		  conover:practical,
  title		= {Practical nonparametric statistics},
  author	= {Conover, W.J.},
  isbn		= {9780471160687},
  lccn		= {98008521},
  series	= {Wiley series in probability and statistics: Applied
		  probability and statistics},
  url		= {https://books.google.nl/books?id=dYEpAQAAMAAJ},
  year		= {1999},
  publisher	= {Wiley}
}

@Book{		  converse.presser:survey,
  title		= {Survey questions: Handcrafting the standardized
		  questionnaire},
  author	= {Converse, Jean M and Presser, Stanley},
  number	= {63},
  year		= {1986},
  publisher	= {Sage}
}

@Article{	  crepinsek.liu.ea:exploration,
  title		= {Exploration and exploitation in evolutionary algorithms: A
		  survey},
  author	= {{\v{C}}repin{\v{s}}ek, Matej and Liu, Shih-Hsi and Mernik,
		  Marjan},
  journal	= {ACM Computing Surveys (CSUR)},
  volume	= {45},
  number	= {3},
  pages		= {35},
  year		= {2013},
  publisher	= {ACM}
}

@InCollection{	  creswell:mixed-method,
  title		= {Mixed-method research: Introduction and application},
  author	= {Creswell, John W},
  booktitle	= {Handbook of educational policy},
  pages		= {455--472},
  year		= {1999},
  publisher	= {Elsevier}
}

@InProceedings{	  daka.campos.ea:modeling,
  author	= {Ermira Daka and Jose Campos and Gordon Fraser and Jonathan
		  Dorn and Westley Weimer },
  title		= {Modeling Readability to Improve Unit Tests},
  booktitle	= {Proceedings of the 10th Joint Meeting of the European
		  Software Engineering Conference and the ACM SIGSOFT
		  Symposium on the Foundations of Software Engineering
		  (ESEC/FSE)},
  year		= {2015},
  note		= {To appear},
  organization	= {ACM}
}

@Article{	  deb.pratap.ea:fast,
  title		= {A fast and elitist multiobjective genetic algorithm:
		  NSGA-II},
  author	= {Deb, Kalyanmoy and Pratap, Amrit and Agarwal, Sameer and
		  Meyarivan, TAMT},
  journal	= {IEEE Transactions on Evolutionary Computation},
  volume	= {6},
  number	= {2},
  pages		= {182--197},
  year		= {2002},
  publisher	= {IEEE}
}

@Article{	  delahaye.bousquet:selecting,
  title		= {Selecting a software engineering tool: lessons learnt from
		  mutation analysis},
  author	= {Delahaye, Micka{\"e}l and Bousquet, Lydie},
  journal	= {Software: Practice and Experience},
  volume	= {45},
  number	= {7},
  pages		= {875--891},
  year		= {2015},
  publisher	= {Wiley Online Library}
}

@Article{	  di-nucci.palomba.ea:dynamic,
  title		= {Dynamic Selection of Classifiers in Bug Prediction: An
		  Adaptive Method},
  author	= {Di Nucci, Dario and Palomba, Fabio and Oliveto, Rocco and
		  De Lucia, Andrea},
  journal	= {IEEE Transactions on Emerging Topics in Computational
		  Intelligence},
  volume	= {1},
  number	= {3},
  pages		= {202--212},
  year		= {2017},
  publisher	= {IEEE}
}

@InProceedings{	  eck.palomba.ea:understanding,
  title		= {Understanding flaky tests: the developer?s perspective},
  author	= {Eck, Moritz and Palomba, Fabio and Castelluccio, Marco and
		  Bacchelli, Alberto},
  booktitle	= {Proceedings of the 2019 27th ACM Joint Meeting on European
		  Software Engineering Conference and Symposium on the
		  Foundations of Software Engineering},
  pages		= {830--840},
  year		= {2019}
}

@Article{	  ellims.bridges.ea:economics,
  title		= {The economics of unit testing},
  author	= {Ellims, Michael and Bridges, James and Ince, Darrel C},
  journal	= {Empirical Software Engineering},
  volume	= {11},
  number	= {1},
  pages		= {5--31},
  year		= {2006},
  publisher	= {Springer}
}

@InProceedings{	  fernandes.ribeiro.ea:avoiding,
  title		= {Avoiding useless mutants},
  author	= {Fernandes, Leonardo and Ribeiro, M{\'a}rcio and Carvalho,
		  Luiz and Gheyi, Rohit and Mongiovi, Melina and Santos,
		  Andr{\'e} and Cavalcanti, Ana and Ferrari, Fabiano and
		  Maldonado, Jos{\'e} Carlos},
  booktitle	= {ACM SIGPLAN Notices},
  volume	= {52},
  number	= {12},
  pages		= {187--198},
  year		= {2017},
  organization	= {ACM}
}

@Article{	  ferrer.chicano.ea:evolutionary,
  author	= {Ferrer, Javier and Chicano, Francisco and Alba, Enrique},
  title		= {Evolutionary Algorithms for the Multi-objective Test Data
		  Generation Problem},
  journal	= {Softw. Pract. Exper.},
  issue_date	= {November 2012},
  volume	= {42},
  number	= {11},
  month		= nov,
  year		= {2012},
  issn		= {0038-0644},
  pages		= {1331--1362},
  numpages	= {32},
  url		= {http://dx.doi.org/10.1002/spe.1135},
  doi		= {10.1002/spe.1135},
  acmid		= {2389476},
  publisher	= {John Wiley \& Sons, Inc.},
  address	= {New York, NY, USA},
  keywords	= {branch coverage, evolutionary algorithms, evolutionary
		  testing, multi-objective test data generation, oracle cost,
		  search-based software engineering}
}

@InProceedings{	  flanigan.mcfarlane.ea:conducting,
  title		= {Conducting survey research among physicians and other
		  medical professionals: a review of current literature},
  author	= {Flanigan, Timothy S and McFarlane, Emily and Cook, Sarah},
  booktitle	= {Proceedings of the Survey Research Methods Section,
		  American Statistical Association},
  volume	= {1},
  pages		= {4136--47},
  year		= {2008}
}

@Book{		  fowler.beck:refactoring,
  title		= {Refactoring: improving the design of existing code},
  author	= {Fowler, Martin and Beck, Kent},
  year		= {1999},
  publisher	= {Addison-Wesley Professional}
}

@Article{	  fowler.foemmel:continuous,
  title		= {Continuous integration},
  author	= {Fowler, Martin and Foemmel, Matthew},
  journal	= {Thought-Works) http://www. thoughtworks. com/Continuous
		  Integration. pdf},
  volume	= {122},
  pages		= {14},
  year		= {2006}
}

@Article{	  frankl.weiss.ea:all-uses,
  title		= {All-uses vs mutation testing: an experimental comparison
		  of effectiveness},
  author	= {Frankl, Phyllis G and Weiss, Stewart N and Hu, Cang},
  journal	= {Journal of Systems and Software},
  volume	= {38},
  number	= {3},
  pages		= {235--253},
  year		= {1997},
  publisher	= {Elsevier}
}

@Article{	  fraser.arcuri:achieving,
  title		= {Achieving scalable mutation-based generation of whole test
		  suites},
  author	= {Fraser, Gordon and Arcuri, Andrea},
  journal	= {Empirical Software Engineering},
  volume	= {20},
  number	= {3},
  pages		= {783--812},
  year		= {2015},
  publisher	= {Springer}
}

@InProceedings{	  fraser.arcuri:evosuite,
  author	= {Fraser, Gordon and Arcuri, Andrea},
  title		= {EvoSuite: Automatic Test Suite Generation for
		  Object-oriented Software},
  booktitle	= {Proceedings of the 19th ACM SIGSOFT Symposium and the 13th
		  European Conference on Foundations of Software
		  Engineering},
  series	= {ESEC/FSE '11},
  year		= {2011},
  isbn		= {978-1-4503-0443-6},
  location	= {Szeged, Hungary},
  pages		= {416--419},
  numpages	= {4},
  url		= {http://doi.acm.org/10.1145/2025113.2025179},
  doi		= {10.1145/2025113.2025179},
  acmid		= {2025179},
  publisher	= {ACM},
  address	= {New York, NY, USA}
}

@Article{	  fraser.arcuri:large-scale,
  title		= {A large-scale evaluation of automated unit test generation
		  using EvoSuite},
  author	= {Fraser, Gordon and Arcuri, Andrea},
  journal	= {ACM Transactions on Software Engineering and Methodology
		  (TOSEM)},
  volume	= {24},
  number	= {2},
  pages		= {8},
  year		= {2014},
  publisher	= {ACM}
}

@Article{	  fraser.arcuri:whole,
  author	= {Fraser, Gordon and Arcuri, Andrea},
  title		= {Whole Test Suite Generation},
  journal	= {IEEE Trans. Softw. Eng.},
  issue_date	= {February 2013},
  volume	= {39},
  number	= {2},
  month		= feb,
  year		= {2013},
  issn		= {0098-5589},
  pages		= {276--291},
  numpages	= {16},
  url		= {http://dx.doi.org/10.1109/TSE.2012.14},
  doi		= {10.1109/TSE.2012.14},
  acmid		= {2478706},
  publisher	= {IEEE Press},
  address	= {Piscataway, NJ, USA},
  keywords	= {Software,Genetic algorithms,Search problems,Arrays,Genetic
		  programming,Software testing,collateral
		  coverage,Search-based software engineering,length,branch
		  coverage,genetic algorithm,infeasible goal}
}

@Article{	  fraser.zeller:mutation-driven,
  title		= {Mutation-driven generation of unit tests and oracles},
  author	= {Fraser, Gordon and Zeller, Andreas},
  journal	= {IEEE Transactions on Software Engineering},
  volume	= {38},
  number	= {2},
  pages		= {278--292},
  year		= {2011},
  publisher	= {IEEE}
}

@Article{	  gambhir.gupta:recent,
  title		= {Recent automatic text summarization techniques: a survey},
  author	= {Gambhir, Mahak and Gupta, Vishal},
  journal	= {Artificial Intelligence Review},
  volume	= {47},
  number	= {1},
  pages		= {1--66},
  year		= {2017},
  publisher	= {Springer}
}

@InProceedings{	  georges.buytaert.ea:statistically,
  author	= {Georges, Andy and Buytaert, Dries and Eeckhout, Lieven},
  title		= {Statistically Rigorous Java Performance Evaluation},
  booktitle	= {Proceedings of the 22Nd Annual ACM SIGPLAN Conference on
		  Object-oriented Programming Systems and Applications},
  series	= {OOPSLA '07},
  year		= {2007},
  isbn		= {978-1-59593-786-5},
  location	= {Montreal, Quebec, Canada},
  pages		= {57--76},
  numpages	= {20},
  url		= {http://doi.acm.org/10.1145/1297027.1297033},
  doi		= {10.1145/1297027.1297033},
  acmid		= {1297033},
  publisher	= {ACM},
  address	= {New York, NY, USA},
  keywords	= {benchmarking, data analysis, java, methodology,
		  statistics}
}

@InCollection{	  goeminne.mens:analyzing,
  title		= {Analyzing ecosystems for open source software developer
		  communities},
  author	= {Goeminne, Mathieu and Mens, Tom},
  booktitle	= {Software Ecosystems},
  year		= {2013},
  publisher	= {Edward Elgar Publishing}
}

@Article{	  goldberg.holland:genetic,
  title		= {Genetic algorithms and machine learning},
  author	= {Goldberg, David E and Holland, John H},
  journal	= {Machine learning},
  volume	= {3},
  number	= {2},
  pages		= {95--99},
  year		= {1988},
  publisher	= {Springer}
}

@Book{		  goldberg:genetic,
  author	= {Goldberg, David E.},
  title		= {Genetic Algorithms in Search, Optimization and Machine
		  Learning},
  year		= {1989},
  isbn		= {0201157675},
  edition	= {1st},
  publisher	= {Addison-Wesley Longman Publishing Co., Inc.},
  address	= {Boston, MA, USA}
}

@Article{	  gopinath.ahmed.ea:mutation,
  title		= {Mutation reduction strategies considered harmful},
  author	= {Gopinath, Rahul and Ahmed, Iftekhar and Alipour, Mohammad
		  Amin and Jensen, Carlos and Groce, Alex},
  journal	= {IEEE Transactions on Reliability},
  volume	= {66},
  number	= {3},
  pages		= {854--874},
  year		= {2017},
  publisher	= {IEEE}
}

@InProceedings{	  gopinath.jensen.ea:code,
  title		= {Code coverage for suite evaluation by developers},
  author	= {Gopinath, Rahul and Jensen, Carlos and Groce, Alex},
  booktitle	= {Proceedings of the 36th International Conference on
		  Software Engineering},
  pages		= {72--82},
  year		= {2014},
  organization	= {ACM}
}

@InProceedings{	  gousios.zaidman.ea:work,
  title		= {Work practices and challenges in pull-based development:
		  the integrator's perspective},
  author	= {Gousios, Georgios and Zaidman, Andy and Storey,
		  Margaret-Anne and Van Deursen, Arie},
  booktitle	= {Proceedings of the 37th International Conference on
		  Software Engineering-Volume 1},
  pages		= {358--368},
  year		= {2015},
  organization	= {IEEE Press}
}

@Article{	  grabmeier.lambe:decision,
  title		= {Decision trees for binary classification variables grow
		  equally with the Gini impurity measure and Pearson's
		  chi-square test},
  author	= {Grabmeier, Johannes L and Lambe, Larry A},
  journal	= {International Journal of Business Intelligence and Data
		  Mining},
  volume	= {2},
  number	= {2},
  pages		= {213--226},
  year		= {2007},
  publisher	= {Inderscience Publishers}
}

@Article{	  grano.palomba.ea:lightweight,
  title		= {Lightweight Assessment of Test-Case Effectiveness using
		  Source-Code-Quality Indicators},
  author	= {Grano, Giovanni and Palomba, Fabio and Gall, Harald C},
  journal	= {IEEE Transactions on Software Engineering},
  year		= {2019},
  publisher	= {IEEE}
}

@Article{	  grano.palomba.ea:scented,
  title		= {Scented since the beginning: On the diffuseness of test
		  smells in automatically generated test code},
  author	= {Grano, Giovanni and Palomba, Fabio and Di Nucci, Dario and
		  De Lucia, Andrea and Gall, Harald C},
  journal	= {Journal of Systems and Software},
  volume	= {156},
  pages		= {312--327},
  year		= {2019},
  publisher	= {Elsevier}
}

@InProceedings{	  grano.scalabrino.ea:empirical,
  author	= {Grano, Giovanni and Scalabrino, Simone and Oliveto, Rocco
		  and Gall, Harald},
  title		= {An Empirical Investigation on the Readability of Manual
		  and Generated Test Cases},
  booktitle	= {Proceedings of the 26th International Conference on
		  Program Comprehension, ICPC},
  year		= {2018}
}

@InProceedings{	  grano.titov.ea:how,
  title		= {How high will it be? using machine learning models to
		  predict branch coverage in automated testing},
  author	= {Grano, Giovanni and Titov, T and Panichella, Sebastiano
		  and Gall, H},
  booktitle	= {MaLTeSQuE (Workshop on Machine Learning Techniques for
		  Software Quality Evaluation) 2018, Campobasso, Italy},
  year		= {2018}
}

@InProceedings{	  grechanik.devanla:mutation,
  title		= {Mutation integration testing},
  author	= {Grechanik, Mark and Devanla, Gurudev},
  booktitle	= {Software Quality, Reliability and Security (QRS), 2016
		  IEEE International Conference on},
  pages		= {353--364},
  year		= {2016},
  organization	= {IEEE}
}

@InProceedings{	  greiler.van-deursen.ea:automated,
  title		= {Automated detection of test fixture strategies and
		  smells},
  author	= {Greiler, Michaela and Van Deursen, Arie and Storey,
		  Margaret-Anne},
  booktitle	= {Software Testing, Verification and Validation (ICST)},
  pages		= {322--331},
  year		= {2013}
}

@Book{		  grissom.kim:effect,
  title		= {Effect Sizes for Research: A Broad Practical Approach},
  author	= {Grissom, Robert J and Kim, John J},
  isbn		= {9780805850147},
  lccn		= {2004053284},
  year		= {2005},
  publisher	= {Lawrence Erlbaum Associates},
  address	= {New Jersey, United States}
}

@PhDThesis{	  hall:correlation-based,
  title		= {Correlation-based feature selection for machine learning},
  author	= {Hall, Mark Andrew},
  year		= {1999},
  publisher	= {University of Waikato Hamilton}
}

@Article{	  harispe.ranwez.ea:semantic,
  title		= {Semantic similarity from natural language and ontology
		  analysis},
  author	= {Harispe, S{\'e}bastien and Ranwez, Sylvie and Janaqi,
		  Stefan and Montmain, Jacky},
  journal	= {Synthesis Lectures on Human Language Technologies},
  volume	= {8},
  number	= {1},
  pages		= {1--254},
  year		= {2015},
  publisher	= {Morgan \& Claypool Publishers}
}

@InProceedings{	  harman.kim.ea:optimizing,
  author	= {M. {Harman} and S. G. {Kim} and K. {Lakhotia} and P.
		  {McMinn} and S. {Yoo}},
  booktitle	= {2010 Third International Conference on Software Testing,
		  Verification, and Validation Workshops},
  title		= {Optimizing for the Number of Tests Generated in Search
		  Based Test Data Generation with an Application to the
		  Oracle Cost Problem},
  year		= {2010},
  volume	= {},
  number	= {},
  pages		= {182-191},
  keywords	= {formal specification;program testing;search based test
		  data generation;oracle cost problem;checkable
		  specifications;contract driven development;nontrivial
		  search spaces;branch coverage;Cost function;Software
		  testing;Automatic testing;System testing;Humans;Object
		  oriented modeling;Benchmark testing;Software
		  algorithms;Application software;Educational
		  institutions;search based testing;oracle cost;test suite
		  minimization},
  doi		= {10.1109/ICSTW.2010.31},
  issn		= {},
  month		= {April}
}

@InProceedings{	  hassan:predicting,
  title		= {Predicting faults using the complexity of code changes},
  author	= {Hassan, Ahmed E},
  booktitle	= {Software Engineering, 2009. ICSE 2009. IEEE 31st
		  International Conference on},
  pages		= {78--88},
  year		= {2009},
  organization	= {IEEE}
}

@Book{		  henderson-sellers:object-oriented,
  title		= {Object-oriented metrics: measures of complexity},
  author	= {Henderson-Sellers, Brian},
  year		= {1995},
  publisher	= {Prentice-Hall, Inc.}
}

@Article{	  henry.kafura.ea:on,
  title		= {On the relationships among three software metrics},
  author	= {Henry, Sallie and Kafura, Dennis and Harris, Kathy},
  journal	= {ACM SIGMETRICS Performance Evaluation Review},
  volume	= {10},
  number	= {1},
  pages		= {81--88},
  year		= {1981},
  publisher	= {ACM}
}

@InProceedings{	  hilton.nelson.ea:trade-offs,
  author	= {Hilton, Michael and Nelson, Nicholas and Tunnell, Timothy
		  and Marinov, Darko and Dig, Danny},
  title		= {Trade-offs in Continuous Integration: Assurance, Security,
		  and Flexibility},
  booktitle	= {Proceedings of the 2017 11th Joint Meeting on Foundations
		  of Software Engineering},
  series	= {ESEC/FSE 2017},
  year		= {2017},
  isbn		= {978-1-4503-5105-8},
  location	= {Paderborn, Germany},
  pages		= {197--207},
  numpages	= {11},
  url		= {http://doi.acm.org/10.1145/3106237.3106270},
  doi		= {10.1145/3106237.3106270},
  acmid		= {3106270},
  publisher	= {ACM},
  address	= {New York, NY, USA},
  keywords	= {Automated Testing, Continuous Integration}
}

@Article{	  hoare:assertions,
  author	= {C. A. R. Hoare},
  title		= {Assertions: {A} Personal Perspective},
  journal	= {{IEEE} Annals of the History of Computing},
  volume	= {25},
  number	= {2},
  pages		= {14--25},
  year		= {2003}
}

@Article{	  holm:simple,
  title		= {A simple sequentially rejective multiple test procedure},
  author	= {Holm, Sture},
  journal	= {Scandinavian journal of statistics},
  pages		= {65--70},
  year		= {1979},
  publisher	= {JSTOR}
}

@Article{	  hovemeyer.pugh:finding,
  title		= {Finding bugs is easy},
  author	= {Hovemeyer, David and Pugh, William},
  journal	= {Acm sigplan notices},
  volume	= {39},
  number	= {12},
  pages		= {92--106},
  year		= {2004},
  publisher	= {ACM}
}

@TechReport{	  hsu.chang.ea:practical,
  abstract	= {Support vector machine (SVM) is a popular technique for
		  classification. However, beginners who are not familiar
		  with SVM often get unsatisfactory results since they miss
		  some easy but significant steps. In this guide, we propose
		  a simple procedure, which usually gives reasonable
		  results.},
  added-at	= {2009-07-08T16:22:45.000+0200},
  author	= {Hsu, Chih-Wei and Chang, Chih-Chung and Lin, Chih-Jen},
  biburl	= {https://www.bibsonomy.org/bibtex/2c04ef97dc3c3de168e684c3e4abe061b/zeno},
  institution	= {Department of Computer Science, National Taiwan
		  University},
  interhash	= {272d3522c22f3cf354b02c5ce6c4612a},
  intrahash	= {c04ef97dc3c3de168e684c3e4abe061b},
  keywords	= {guide libsvm svm tutorial},
  timestamp	= {2009-07-08T16:22:46.000+0200},
  title		= {A Practical Guide to Support Vector Classification},
  url		= {http://www.csie.ntu.edu.tw/~cjlin/papers.html},
  year		= 2003
}

@InProceedings{	  inozemtseva.holmes:coverage,
  title		= {Coverage is not strongly correlated with test suite
		  effectiveness},
  author	= {Inozemtseva, Laura and Holmes, Reid},
  booktitle	= {Proceedings of the 36th International Conference on
		  Software Engineering},
  pages		= {435--445},
  year		= {2014},
  organization	= {ACM}
}

@Article{	  jia.harman:analysis,
  title		= {An analysis and survey of the development of mutation
		  testing},
  author	= {Jia, Yue and Harman, Mark},
  journal	= {IEEE transactions on software engineering},
  volume	= {37},
  number	= {5},
  pages		= {649--678},
  year		= {2011},
  publisher	= {IEEE}
}

@InProceedings{	  jin.song.ea:understanding,
  author	= {Jin, Guoliang and Song, Linhai and Shi, Xiaoming and
		  Scherpelz, Joel and Lu, Shan},
  title		= {Understanding and Detecting Real-world Performance Bugs},
  booktitle	= {Proceedings of the 33rd ACM SIGPLAN Conference on
		  Programming Language Design and Implementation},
  series	= {PLDI '12},
  year		= {2012},
  isbn		= {978-1-4503-1205-9},
  location	= {Beijing, China},
  pages		= {77--88},
  numpages	= {12},
  url		= {http://doi.acm.org/10.1145/2254064.2254075},
  doi		= {10.1145/2254064.2254075},
  acmid		= {2254075},
  publisher	= {ACM},
  address	= {New York, NY, USA},
  keywords	= {characteristics study, performance bugs, rule-based bug
		  detection}
}

@InProceedings{	  jin.zeng:research,
  title		= {Research on the definition and model of software testing
		  quality},
  author	= {Jin, Huiliang and Zeng, Fuping},
  booktitle	= {The Proceedings of 2011 9th International Conference on
		  Reliability, Maintainability and Safety},
  pages		= {639--644},
  year		= {2011},
  organization	= {IEEE}
}

@InCollection{	  john.kohavi.ea:irrelevant,
  title		= {Irrelevant features and the subset selection problem},
  author	= {John, George H and Kohavi, Ron and Pfleger, Karl},
  booktitle	= {Machine Learning Proceedings 1994},
  pages		= {121--129},
  year		= {1994},
  publisher	= {Elsevier}
}

@InProceedings{	  just.ernst.ea:efficient,
  title		= {Efficient mutation analysis by propagating and
		  partitioning infected execution states},
  author	= {Just, Ren{\'e} and Ernst, Michael D and Fraser, Gordon},
  booktitle	= {Proceedings of the 2014 International Symposium on
		  Software Testing and Analysis},
  pages		= {315--326},
  year		= {2014},
  organization	= {ACM}
}

@InProceedings{	  just.jalali.ea:are,
  title		= {Are mutants a valid substitute for real faults in software
		  testing?},
  author	= {Just, Ren{\'e} and Jalali, Darioush and Inozemtseva, Laura
		  and Ernst, Michael D and Holmes, Reid and Fraser, Gordon},
  booktitle	= {Proceedings of the 22nd ACM SIGSOFT International
		  Symposium on Foundations of Software Engineering},
  pages		= {654--665},
  year		= {2014},
  organization	= {ACM}
}

@InProceedings{	  just:major,
  title		= {The Major mutation framework: Efficient and scalable
		  mutation analysis for {J}ava},
  author	= {Just, Ren{\'e}},
  booktitle	= {Proceedings of the 2014 international symposium on
		  software testing and analysis},
  pages		= {433--436},
  year		= {2014},
  organization	= {ACM}
}

@Article{	  kabinna.bezemer.ea:examining,
  title		= {Examining the stability of logging statements},
  author	= {Kabinna, Suhas and Bezemer, Cor-Paul and Shang, Weiyi and
		  Syer, Mark D and Hassan, Ahmed E},
  journal	= {Empirical Software Engineering},
  volume	= {23},
  number	= {1},
  pages		= {290--333},
  year		= {2018},
  publisher	= {Springer}
}

@Article{	  kam.wilking.ea:beyond,
  title		= {Beyond the ânarrow data baseâ: Another convenience
		  sample for experimental research},
  author	= {Kam, Cindy D and Wilking, Jennifer R and Zechmeister,
		  Elizabeth J},
  journal	= {Political Behavior},
  volume	= {29},
  number	= {4},
  pages		= {415--440},
  year		= {2007},
  publisher	= {Springer}
}

@InProceedings{	  kifetew.panichella.ea:orthogonal,
  title		= {Orthogonal exploration of the search space in evolutionary
		  test case generation},
  author	= {Kifetew, Fitsum M and Panichella, Annibale and De Lucia,
		  Andrea and Oliveto, Rocco and Tonella, Paolo},
  booktitle	= {Proceedings of the 2013 International Symposium on
		  Software Testing and Analysis},
  pages		= {257--267},
  year		= {2013},
  organization	= {ACM}
}

@InProceedings{	  kim:efficient,
  title		= {Efficient use of code coverage in large-scale software
		  development},
  author	= {Kim, Yong Woo},
  booktitle	= {Proceedings of the 2003 conference of the Centre for
		  Advanced Studies on Collaborative research},
  pages		= {145--155},
  year		= {2003},
  organization	= {IBM Press}
}

@Book{		  klaus:content,
  title		= {Content analysis: An introduction to its methodology},
  author	= {Klaus, Krippendorff},
  year		= {1980},
  publisher	= {Sage Publications}
}

@InProceedings{	  kocaguneli.gay.ea:when,
  title		= {When to use data from other projects for effort
		  estimation},
  author	= {Kocaguneli, Ekrem and Gay, Gregory and Menzies, Tim and
		  Yang, Ye and Keung, Jacky W},
  booktitle	= {Proceedings of the IEEE/ACM international conference on
		  Automated software engineering},
  pages		= {321--324},
  year		= {2010},
  organization	= {ACM}
}

@InProceedings{	  kochhar.thung.ea:code,
  title		= {Code coverage and test suite effectiveness: Empirical
		  study with real bugs in large systems},
  author	= {Kochhar, Pavneet Singh and Thung, Ferdian and Lo, David},
  booktitle	= {Software Analysis, Evolution and Reengineering (SANER),
		  2015 IEEE 22nd International Conference on},
  pages		= {560--564},
  year		= {2015},
  organization	= {IEEE}
}

@InProceedings{	  koppen.yoshida:substitute,
  author	= {K\"{o}ppen, Mario and Yoshida, Kaori},
  title		= {Substitute Distance Assignments in {NSGA-II} for Handling
		  Many-objective Optimization Problems},
  booktitle	= {Proceedings of the 4th International Conference on
		  Evolutionary Multi-criterion Optimization},
  series	= {EMO'07},
  year		= {2007},
  isbn		= {978-3-540-70927-5},
  location	= {Matsushima, Japan},
  pages		= {727--741},
  numpages	= {15},
  url		= {http://dl.acm.org/citation.cfm?id=1762545.1762607},
  acmid		= {1762607},
  publisher	= {Springer-Verlag},
  address	= {Berlin, Heidelberg}
}

@Article{	  krstajic.buturovic.ea:cross-validation,
  title		= {Cross-validation pitfalls when selecting and assessing
		  regression and classification models},
  author	= {Krstajic, Damjan and Buturovic, Ljubomir J and Leahy,
		  David E and Thomas, Simon},
  journal	= {Journal of cheminformatics},
  volume	= {6},
  number	= {1},
  pages		= {10},
  year		= {2014},
  publisher	= {Nature Publishing Group}
}

@Article{	  kruchten.nord.ea:technical,
  title		= {Technical debt: From metaphor to theory and practice},
  author	= {Kruchten, Philippe and Nord, Robert L and Ozkaya, Ipek},
  journal	= {Ieee software},
  volume	= {29},
  number	= {6},
  pages		= {18--21},
  year		= {2012},
  publisher	= {IEEE}
}

@InProceedings{	  kudrjavets.nagappan.ea:assessing,
  author	= {Gunnar Kudrjavets and Nachiappan Nagappan and Thomas
		  Ball},
  title		= {Assessing the Relationship between Software Assertions and
		  Faults: An Empirical Investigation},
  booktitle	= {{ISSRE}},
  pages		= {204--212},
  publisher	= {{IEEE} Computer Society},
  year		= {2006}
}

@InProceedings{	  kurtz.ammann.ea:static,
  title		= {Static analysis of mutant subsumption},
  author	= {Kurtz, Bob and Ammann, Paul and Offutt, Jeff},
  booktitle	= {Software Testing, Verification and Validation Workshops
		  (ICSTW), 2015 IEEE Eighth International Conference on},
  pages		= {1--10},
  year		= {2015}
}

@InProceedings{	  lakhotia.harman.ea:multi-objective,
  author	= {Lakhotia, Kiran and Harman, Mark and McMinn, Phil},
  title		= {A Multi-objective Approach to Search-based Test Data
		  Generation},
  booktitle	= {Proceedings of the 9th Annual Conference on Genetic and
		  Evolutionary Computation},
  series	= {GECCO '07},
  year		= {2007},
  isbn		= {978-1-59593-697-4},
  location	= {London, England},
  pages		= {1098--1105},
  numpages	= {8},
  url		= {http://doi.acm.org/10.1145/1276958.1277175},
  doi		= {10.1145/1276958.1277175},
  acmid		= {1277175},
  publisher	= {ACM},
  address	= {New York, NY, USA},
  keywords	= {automated test data generation, evolutionary testing,
		  multi-objective genetic algorithms}
}

@InProceedings{	  lawrence.clarke.ea:how,
  title		= {How well do professional developers test with code
		  coverage visualizations? An empirical study},
  author	= {Lawrence, J and Clarke, Steven and Burnett, Margaret and
		  Rothermel, Gregg},
  booktitle	= {2005 IEEE Symposium on Visual Languages and Human-Centric
		  Computing (VL/HCC'05)},
  pages		= {53--60},
  year		= {2005},
  organization	= {IEEE}
}

@Article{	  lehman:programs,
  title		= {Programs, life cycles, and laws of software evolution},
  author	= {Lehman, Meir M},
  journal	= {Proceedings of the IEEE},
  volume	= {68},
  number	= {9},
  pages		= {1060--1076},
  year		= {1980},
  publisher	= {IEEE}
}

@Article{	  li.harman.ea:search,
  title		= {Search algorithms for regression test case
		  prioritization},
  author	= {Li, Zheng and Harman, Mark and Hierons, Robert M},
  journal	= {IEEE Transactions on software engineering},
  volume	= {33},
  number	= {4},
  year		= {2007},
  publisher	= {IEEE}
}

@InProceedings{	  li.praphamontripong.ea:experimental,
  title		= {An experimental comparison of four unit test criteria:
		  Mutation, edge-pair, all-uses and prime path coverage},
  author	= {Li, Nan and Praphamontripong, Upsorn and Offutt, Jeff},
  booktitle	= {Proceedings of the IEEE International Conference on
		  Software Testing, Verification, and Validation Workshops},
  pages		= {220--229},
  year		= {2009}
}

@Article{	  li.shang.ea:towards,
  title		= {Towards just-in-time suggestions for log changes},
  author	= {Li, Heng and Shang, Weiyi and Zou, Ying and Hassan, Ahmed
		  E},
  journal	= {Empirical Software Engineering},
  volume	= {22},
  number	= {4},
  pages		= {1831--1865},
  year		= {2017},
  publisher	= {Springer}
}

@InProceedings{	  liu.gao.ea:approach,
  title		= {An approach to test data generation for killing multiple
		  mutants},
  author	= {Liu, Ming-Hao and Gao, You-Feng and Shan, Jin-Hui and Liu,
		  Jiang-Hong and Zhang, Lu and Sun, Jia-Su},
  booktitle	= {Software Maintenance, 2006. ICSM'06. 22nd IEEE
		  International Conference on},
  pages		= {113--122},
  year		= {2006},
  organization	= {IEEE}
}

@InProceedings{	  lo.shi:preliminary,
  title		= {A preliminary testability model for object-oriented
		  software},
  author	= {Lo, Bruce WN and Shi, Haifeng},
  booktitle	= {Software Engineering: Education \& Practice, 1998.
		  Proceedings. 1998 International Conference},
  pages		= {330--337},
  year		= {1998}
}

@InProceedings{	  lubsen.zaidman.ea:using,
  title		= {Using association rules to study the co-evolution of
		  production \& test code},
  author	= {Lubsen, Zeeger and Zaidman, Andy and Pinzger, Martin},
  booktitle	= {Mining Software Repositories, 2009. MSR'09. 6th IEEE
		  International Working Conference on},
  pages		= {151--154},
  year		= {2009},
  organization	= {IEEE}
}

@Article{	  lucken.baran.ea:survey,
  title		= {A survey on multi-objective evolutionary algorithms for
		  many-objective problems},
  author	= {von L{\"u}cken, Christian and Bar{\'a}n, Benjam{\'\i}n and
		  Brizuela, Carlos},
  journal	= {Computational optimization and applications},
  volume	= {58},
  number	= {3},
  pages		= {707--756},
  year		= {2014},
  publisher	= {Springer}
}

@Article{	  lui.chan:pair,
  title		= {Pair programming productivity: Novice--novice vs.
		  expert--expert},
  author	= {Lui, Kim Man and Chan, Keith CC},
  journal	= {International Journal of Human-computer studies},
  volume	= {64},
  number	= {9},
  pages		= {915--925},
  year		= {2006},
  publisher	= {Elsevier}
}

@InProceedings{	  luo.hariri.ea:empirical,
  title		= {An empirical analysis of flaky tests},
  author	= {Luo, Qingzhou and Hariri, Farah and Eloussi, Lamyaa and
		  Marinov, Darko},
  booktitle	= {Proceedings of the 22nd ACM SIGSOFT International
		  Symposium on Foundations of Software Engineering},
  pages		= {643--653},
  year		= {2014},
  organization	= {ACM}
}

@InProceedings{	  marchenko.abrahamsson.ea:long-term,
  title		= {Long-term effects of test-driven development a case
		  study},
  author	= {Marchenko, Artem and Abrahamsson, Pekka and Ihme, Tuomas},
  booktitle	= {International Conference on Agile Processes and Extreme
		  Programming in Software Engineering},
  pages		= {13--22},
  year		= {2009},
  organization	= {Springer}
}

@Article{	  marcus.poshyvanyk.ea:using,
  title		= {Using the conceptual cohesion of classes for fault
		  prediction in object-oriented systems},
  author	= {Marcus, Andrian and Poshyvanyk, Denys and Ferenc, Rudolf},
  journal	= {IEEE Transactions on Software Engineering},
  volume	= {34},
  number	= {2},
  pages		= {287--300},
  year		= {2008},
  publisher	= {IEEE}
}

@InProceedings{	  marsavina.romano.ea:studying,
  title		= {Studying fine-grained co-evolution patterns of production
		  and test code},
  author	= {Marsavina, Cosmin and Romano, Daniele and Zaidman, Andy},
  booktitle	= {Source Code Analysis and Manipulation (SCAM), 2014 IEEE
		  14th International Working Conference on},
  pages		= {195--204},
  year		= {2014},
  organization	= {IEEE}
}

@Article{	  mathur.wong:empirical,
  title		= {An empirical comparison of data flow and mutation-based
		  test adequacy criteria},
  author	= {Mathur, Aditya P and Wong, W Eric},
  journal	= {Software Testing, Verification and Reliability},
  volume	= {4},
  number	= {1},
  pages		= {9--31},
  year		= {1994},
  publisher	= {Wiley Online Library}
}

@Book{		  mcallister:data,
  author	= {McAllister, William},
  title		= {Data Structures And Algorithms Using Java},
  year		= {2008},
  isbn		= {076375756X, 9780763757564},
  edition	= {1st},
  publisher	= {Jones and Bartlett Publishers, Inc.},
  address	= {USA}
}

@Article{	  mccabe:complexity,
  title		= {A complexity measure},
  author	= {McCabe, Thomas J},
  journal	= {IEEE Transactions on software Engineering},
  number	= {4},
  pages		= {308--320},
  year		= {1976},
  publisher	= {IEEE}
}

@InProceedings{	  mcminn:2011:search-based,
  title		= {Search-based software testing: Past, present and future},
  author	= {McMinn, Phil},
  booktitle	= {2011 IEEE Fourth International Conference on Software
		  Testing, Verification and Validation Workshops},
  pages		= {153--163},
  year		= {2011},
  organization	= {IEEE}
}

@Article{	  mcminn:search-based,
  author	= {Mc{M}inn, Phil},
  title		= {Search-based Software Test Data Generation: A Survey},
  journal	= {Softw. Test. Verif. Reliab.},
  issue_date	= {June 2004},
  volume	= {14},
  number	= {2},
  month		= jun,
  year		= {2004},
  issn		= {0960-0833},
  pages		= {105--156},
  numpages	= {52},
  url		= {http://dx.doi.org/10.1002/stvr.v14:2},
  doi		= {10.1002/stvr.v14:2},
  acmid		= {1077279},
  publisher	= {John Wiley and Sons Ltd.},
  address	= {Chichester, UK}
}

@Article{	  menzies.milton.ea:defect,
  title		= {Defect prediction from static code features: current
		  results, limitations, new approaches},
  author	= {Menzies, Tim and Milton, Zach and Turhan, Burak and Cukic,
		  Bojan and Jiang, Yue and Bener, Ay{\c{s}}e},
  journal	= {Automated Software Engineering},
  volume	= {17},
  number	= {4},
  pages		= {375--407},
  year		= {2010},
  publisher	= {Springer}
}

@Book{		  meszaros:xunit,
  title		= {xUnit test patterns: Refactoring test code},
  author	= {Meszaros, Gerard},
  year		= {2007},
  publisher	= {Pearson Education}
}

@Article{	  moha.gueheneuc.ea:decor,
  title		= {Decor: A method for the specification and detection of
		  code and design smells},
  author	= {Moha, Naouel and Gueheneuc, Yann-Gael and Duchien,
		  Laurence and Le Meur, Anne-Francoise},
  journal	= {IEEE Transactions on Software Engineering},
  volume	= {36},
  number	= {1},
  pages		= {20--36},
  year		= {2010},
  publisher	= {IEEE}
}

@InProceedings{	  nagappan.williams.ea:providing,
  title		= {Providing test quality feedback using static source code
		  and automatic test suite metrics},
  author	= {Nagappan, Nachiappan and Williams, Laurie and Osborne,
		  Jason and Vouk, Mladen and Abrahamsson, Pekka},
  booktitle	= {16th IEEE international symposium on software reliability
		  engineering (ISSRE'05)},
  pages		= {10--pp},
  year		= {2005},
  organization	= {IEEE}
}

@Article{	  nerur.mahapatra.ea:challenges,
  title		= {Challenges of migrating to agile methodologies},
  author	= {Nerur, Sridhar and Mahapatra, RadhaKanta and Mangalaraj,
		  George},
  journal	= {Communications of the ACM},
  volume	= {48},
  number	= {5},
  pages		= {72--78},
  year		= {2005},
  publisher	= {ACM}
}

@Article{	  obrien:caution,
  author	= "O'brien, Robert M.",
  title		= "A Caution Regarding Rules of Thumb for Variance Inflation
		  Factors",
  journal	= "Quality {\&} Quantity",
  year		= "2007",
  month		= "Oct",
  day		= "01",
  volume	= "41",
  number	= "5",
  pages		= "673--690",
  issn		= "1573-7845",
  doi		= "10.1007/s11135-006-9018-6",
  url		= "https://doi.org/10.1007/s11135-006-9018-6"
}

@InProceedings{	  offutt.pan:detecting,
  title		= {Detecting equivalent mutants and the feasible path
		  problem},
  author	= {Offutt, A Jefferson and Pan, Jie},
  booktitle	= {Computer Assurance, 1996. COMPASS'96, Systems Integrity.
		  Software Safety. Process Security. Proceedings of the
		  Eleventh Annual Conference on},
  pages		= {224--236},
  year		= {1996},
  organization	= {IEEE}
}

@InCollection{	  offutt.untch:mutation,
  title		= {Mutation 2000: Uniting the orthogonal},
  author	= {Offutt, A Jefferson and Untch, Roland H},
  booktitle	= {Mutation testing for the new century},
  pages		= {34--44},
  year		= {2001},
  publisher	= {Springer}
}

@Article{	  offutt:mutation,
  title		= {A mutation carol: Past, present and future},
  author	= {Offutt, Jeff},
  journal	= {Information and Software Technology},
  volume	= {53},
  number	= {10},
  pages		= {1098--1107},
  year		= {2011},
  publisher	= {Elsevier}
}

@InProceedings{	  oliveira.fischmeister.ea:perphecy,
  title		= {Perphecy: Performance Regression Test Selection Made
		  Simple but Effective},
  booktitle	= {Proceedings of the 10th IEEE International Conference on
		  Software Testing, Verification and Validation (ICST)},
  year		= {2017},
  address	= {Tokyo, Japan},
  author	= {Augusto Born de Oliveira and Sebastian Fischmeister and
		  Amer Diwan and Matthias Hauswirth and Peter Sweeney}
}

@InProceedings{	  oster.saglietti:automatic,
  title		= {Automatic test data generation by multi-objective
		  optimisation},
  author	= {Oster, Norbert and Saglietti, Francesca},
  booktitle	= {International Conference on Computer Safety, Reliability,
		  and Security},
  pages		= {426--438},
  year		= {2006},
  organization	= {Springer}
}

@InProceedings{	  palomba.bavota.ea:do,
  title		= {Do they really smell bad? a study on developers'
		  perception of bad code smells},
  author	= {Palomba, Fabio and Bavota, Gabriele and Di Penta,
		  Massimiliano and Oliveto, Rocco and De Lucia, Andrea},
  booktitle	= {Software maintenance and evolution (ICSME), 2014 IEEE
		  international conference on},
  pages		= {101--110},
  year		= {2014},
  organization	= {IEEE}
}

@Article{	  palomba.bavota.ea:mining,
  title		= {Mining version histories for detecting code smells},
  author	= {Palomba, Fabio and Bavota, Gabriele and Di Penta,
		  Massimiliano and Oliveto, Rocco and Poshyvanyk, Denys and
		  De Lucia, Andrea},
  journal	= {IEEE Transactions on Software Engineering},
  volume	= {41},
  number	= {5},
  pages		= {462--489},
  year		= {2015},
  publisher	= {IEEE}
}

@Article{	  palomba.bavota.ea:on,
  title		= {On the diffuseness and the impact on maintainability of
		  code smells: a large scale empirical investigation},
  author	= {Palomba, Fabio and Bavota, Gabriele and Di Penta,
		  Massimiliano and Fasano, Fausto and Oliveto, Rocco and De
		  Lucia, Andrea},
  journal	= {Empirical Software Engineering},
  pages		= {1--34},
  year		= {2017},
  publisher	= {Springer}
}

@InProceedings{	  palomba.di-nucci.ea:on,
  title		= {On the diffusion of test smells in automatically generated
		  test code: An empirical study},
  author	= {Palomba, Fabio and Di Nucci, Dario and Panichella,
		  Annibale and Oliveto, Rocco and De Lucia, Andrea},
  booktitle	= {Proceedings of the 9th International Workshop on
		  Search-Based Software Testing},
  pages		= {5--14},
  year		= {2016},
  organization	= {ACM}
}

@InProceedings{	  palomba.panichella.ea:automatic,
  author	= {Palomba, Fabio and Panichella, Annibale and Zaidman, Andy
		  and Oliveto, Rocco and De Lucia, Andrea},
  title		= {Automatic Test Case Generation: What if Test Code Quality
		  Matters?},
  booktitle	= {Proceedings of the 25th International Symposium on
		  Software Testing and Analysis},
  series	= {ISSTA 2016},
  year		= {2016},
  isbn		= {978-1-4503-4390-9},
  location	= {Saarbr\&\#252;cken, Germany},
  pages		= {130--141},
  numpages	= {12},
  url		= {http://doi.acm.org/10.1145/2931037.2931057},
  doi		= {10.1145/2931037.2931057},
  acmid		= {2931057},
  publisher	= {ACM},
  address	= {New York, NY, USA},
  keywords	= {Evolutionary testing, branch coverage, many-objective
		  optimization, test code quality}
}

@InProceedings{	  palomba.panichella.ea:textual-based,
  title		= {A textual-based technique for smell detection},
  author	= {Palomba, Fabio and Panichella, Annibale and De Lucia,
		  Andrea and Oliveto, Rocco and Zaidman, Andy},
  booktitle	= {Program Comprehension (ICPC), 2016 IEEE 24th International
		  Conference on},
  pages		= {1--10},
  year		= {2016},
  organization	= {IEEE}
}

@InProceedings{	  palomba.zaidman:does,
  title		= {Does refactoring of test smells induce fixing flaky
		  tests?},
  author	= {Palomba, Fabio and Zaidman, Andy},
  booktitle	= {Software Maintenance and Evolution (ICSME), 2017 IEEE
		  International Conference on},
  pages		= {1--12},
  year		= {2017},
  organization	= {IEEE}
}

@Article{	  panichella.kifetew.ea:automated,
  title		= {Automated test case generation as a many-objective
		  optimisation problem with dynamic selection of the
		  targets},
  author	= {Panichella, Annibale and Kifetew, Fitsum Meshesha and
		  Tonella, Paolo},
  journal	= {IEEE Transactions on Software Engineering},
  volume	= {44},
  number	= {2},
  pages		= {122--158},
  year		= {2018},
  publisher	= {IEEE}
}

@InProceedings{	  panichella.kifetew.ea:incremental,
  title		= {Incremental Control Dependency Frontier Exploration for
		  Many-Criteria Test Case Generation},
  author	= {Panichella, Annibale and Kifetew, Fitsum Meshesha and
		  Tonella, Paolo},
  booktitle	= {International Symposium on Search Based Software
		  Engineering},
  pages		= {309--324},
  year		= {2018},
  organization	= {Springer}
}

@Article{	  panichella.kifetew.ea:large,
  title		= {A Large Scale Empirical Comparison of State-of-the-art
		  Search-based Test Case Generators},
  journal	= {Information and Software Technology},
  year		= {2018},
  issn		= {0950-5849},
  doi		= {https://doi.org/10.1016/j.infsof.2018.08.009},
  url		= {http://www.sciencedirect.com/science/article/pii/S0950584917304950},
  author	= {Panichella, Annibale and Kifetew, {Fitsum Meshesha} and
		  Tonella, Paolo}
}

@InProceedings{	  panichella.kifetew.ea:reformulating,
  author	= {Annibale Panichella and Fitsum Meshesha Kifetew and Paolo
		  Tonella},
  title		= {Reformulating Branch Coverage as a Many-Objective
		  Optimization Problem},
  booktitle	= {{ICST}},
  pages		= {1--10},
  publisher	= {{IEEE} Computer Society},
  year		= {2015}
}

@InProceedings{	  panichella.molina:java,
  title		= {Java Unit Testing Tool Competition-Fifth Round},
  author	= {Panichella, Annibale and Molina, Urko Rueda},
  booktitle	= {Search-Based Software Testing (SBST), 2017 IEEE/ACM 10th
		  International Workshop on},
  pages		= {32--38},
  year		= {2017},
  organization	= {IEEE}
}

@InProceedings{	  panichella.panichella.ea:impact,
  author	= {Sebastiano Panichella and Annibale Panichella and Moritz
		  Beller and Andy Zaidman and Harald C. Gall},
  title		= {The impact of test case summaries on bug fixing
		  performance: an empirical investigation},
  booktitle	= {Proceedings of the 38th International Conference on
		  Software Engineering, {ICSE} 2016, Austin, TX, USA, May
		  14-22, 2016},
  pages		= {547--558},
  year		= {2016},
  url		= {http://doi.acm.org/10.1145/2884781.2884847},
  doi		= {10.1145/2884781.2884847},
  timestamp	= {Thu, 15 Jun 2017 21:42:42 +0200},
  biburl	= {http://dblp.uni-trier.de/rec/bib/conf/icse/PanichellaPBZG16},
  bibsource	= {dblp computer science bibliography, http://dblp.org}
}

@InProceedings{	  pantiuchina.lanza.ea:improving,
  title		= {Improving code: The (mis) perception of quality metrics},
  author	= {Pantiuchina, Jevgenija and Lanza, Michele and Bavota,
		  Gabriele},
  booktitle	= {2018 IEEE International Conference on Software Maintenance
		  and Evolution (ICSME)},
  pages		= {80--91},
  year		= {2018},
  organization	= {IEEE}
}

@Article{	  paulhus:measurement,
  title		= {Measurement and control of response bias.},
  author	= {Paulhus, Delroy L},
  year		= {1991},
  publisher	= {Academic press}
}

@InProceedings{	  pinto.sinha.ea:understanding,
  title		= {Understanding myths and realities of test-suite
		  evolution},
  author	= {Pinto, Leandro Sales and Sinha, Saurabh and Orso,
		  Alessandro},
  booktitle	= {Proceedings of the ACM SIGSOFT 20th International
		  Symposium on the Foundations of Software Engineering},
  year		= {2012}
}

@InProceedings{	  pinto.vergilio:multi-objective,
  title		= {A multi-objective genetic algorithm to test data
		  generation},
  author	= {Pinto, Gustavo HL and Vergilio, Silvia R},
  booktitle	= {Tools with Artificial Intelligence (ICTAI), 2010 22nd IEEE
		  International Conference on},
  volume	= {1},
  pages		= {129--134},
  year		= {2010},
  organization	= {IEEE}
}

@Article{	  qiu.li.ea:understanding,
  title		= {Understanding the API usage in Java},
  author	= {Qiu, Dong and Li, Bixin and Leung, Hareton},
  journal	= {Information and software technology},
  volume	= {73},
  pages		= {81--100},
  year		= {2016},
  publisher	= {Elsevier}
}

@Article{	  qusef.bavota.ea:evaluating,
  title		= {Evaluating test-to-code traceability recovery methods
		  through controlled experiments},
  author	= {Qusef, Abdallah and Bavota, Gabriele and Oliveto, Rocco
		  and Lucia, Andrea De and Binkley, David},
  journal	= {Journal of Software: Evolution and Process},
  volume	= {25},
  number	= {11},
  pages		= {1167--1191},
  year		= {2013},
  publisher	= {Wiley Online Library}
}

@InProceedings{	  qusef.bavota.ea:scotch,
  title		= {Scotch: Test-to-code traceability using slicing and
		  conceptual coupling},
  author	= {Qusef, Abdallah and Bavota, Gabriele and Oliveto, Rocco
		  and De Lucia, Andrea and Binkley, David},
  booktitle	= {Software Maintenance (ICSM), 2011 27th IEEE International
		  Conference on},
  pages		= {63--72},
  year		= {2011},
  organization	= {IEEE}
}

@Article{	  rafique.misic:effects,
  title		= {The effects of test-driven development on external quality
		  and productivity: A meta-analysis},
  author	= {Rafique, Yahya and Mi{\v{s}}i{\'c}, Vojislav B},
  journal	= {IEEE Transactions on Software Engineering},
  volume	= {39},
  number	= {6},
  pages		= {835--856},
  year		= {2012},
  publisher	= {IEEE}
}

@Article{	  raz:art,
  author	= {Tzvi Raz},
  title		= {The Art of Computer Systems Performance Analysis:
		  Techniques for Experimental Design, Measurement,
		  Simulation, and Modeling (Raj Jain)},
  journal	= {{SIAM} Review},
  volume	= {34},
  number	= {3},
  pages		= {518--519},
  year		= {1992},
  url		= {https://doi.org/10.1137/1034111},
  doi		= {10.1137/1034111},
  timestamp	= {Wed, 17 May 2017 14:25:30 +0200},
  biburl	= {https://dblp.org/rec/bib/journals/siamrev/Raz92},
  bibsource	= {dblp computer science bibliography, https://dblp.org}
}

@InProceedings{	  rojas.campos.ea:combining,
  author	= "Rojas, Jos{\'e} Miguel and Campos, Jos{\'e} and Vivanti,
		  Mattia and Fraser, Gordon and Arcuri, Andrea",
  editor	= "Barros, M{\'a}rcio and Labiche, Yvan",
  title		= "Combining Multiple Coverage Criteria in Search-Based Unit
		  Test Generation",
  booktitle	= "Search-Based Software Engineering",
  year		= "2015",
  publisher	= "Springer International Publishing",
  address	= "Cham",
  pages		= "93--108",
  isbn		= "978-3-319-22183-0"
}

@InProceedings{	  rojas.fraser:is,
  author	= {Jos{\'{e}} Miguel Rojas and Gordon Fraser},
  title		= {Is Search-Based Unit Test Generation Research Stuck in a
		  Local Optimum?},
  booktitle	= {SBST@ICSE},
  pages		= {51--52},
  publisher	= {{IEEE}},
  year		= {2017}
}

@Article{	  rojas.vivanti.ea:detailed,
  title		= {A detailed investigation of the effectiveness of whole
		  test suite generation},
  author	= {Rojas, Jos{\'e} Miguel and Vivanti, Mattia and Arcuri,
		  Andrea and Fraser, Gordon},
  journal	= {Empirical Software Engineering},
  volume	= {22},
  number	= {2},
  pages		= {852--893},
  year		= {2017},
  publisher	= {Springer}
}

@InProceedings{	  romano.scanniello:smug,
  title		= {SMUG: a selective mutant generator tool},
  author	= {Romano, Simone and Scanniello, Giuseppe},
  booktitle	= {Proceedings of the 39th International Conference on
		  Software Engineering Companion},
  pages		= {19--22},
  year		= {2017},
  organization	= {IEEE Press}
}

@Article{	  rothermel.untch.ea:prioritizing,
  title		= {Prioritizing test cases for regression testing},
  author	= {Rothermel, Gregg and Untch, Roland H. and Chu, Chengyun
		  and Harrold, Mary Jean},
  journal	= {IEEE Transactions on software engineering},
  volume	= {27},
  number	= {10},
  pages		= {929--948},
  year		= {2001},
  publisher	= {IEEE}
}

@InProceedings{	  scalabrino.bavota.ea:automatically,
  title		= {Automatically assessing code understandability: How far
		  are we?},
  author	= {Scalabrino, Simone and Bavota, Gabriele and Vendome,
		  Christopher and Linares-V{\'a}squez, Mario and Poshyvanyk,
		  Denys and Oliveto, Rocco},
  booktitle	= {2017 32nd IEEE/ACM International Conference on Automated
		  Software Engineering (ASE)},
  pages		= {417--427},
  year		= {2017},
  organization	= {IEEE}
}

@Article{	  scalabrino.linares-vasquez.ea:comprehensive,
  title		= {A comprehensive model for code readability},
  author	= {Scalabrino, Simone and Linares-V{\'a}squez, Mario and
		  Oliveto, Rocco and Poshyvanyk, Denys},
  journal	= {Journal of Software: Evolution and Process},
  volume	= {30},
  number	= {6},
  pages		= {e1958},
  year		= {2018},
  publisher	= {Wiley Online Library}
}

@InProceedings{	  scalabrino.linares-vasquez.ea:improving,
  title		= {Improving code readability models with textual features},
  author	= {Scalabrino, Simone and Linares-V{\'a}squez, Mario and
		  Poshyvanyk, Denys and Oliveto, Rocco},
  booktitle	= {Program Comprehension (ICPC), 2016 IEEE 24th International
		  Conference on},
  pages		= {1--10},
  year		= {2016},
  organization	= {IEEE}
}

@Article{	  scott.knott:cluster,
  title		= {A cluster analysis method for grouping means in the
		  analysis of variance},
  author	= {Scott, Andrew Jhon and Knott, M},
  journal	= {Biometrics},
  pages		= {507--512},
  year		= {1974},
  publisher	= {JSTOR}
}

@InProceedings{	  shamshiri.rojas.ea:random,
  title		= {Random or genetic algorithm search for object-oriented
		  test suite generation?},
  author	= {Shamshiri, Sina and Rojas, Jos{\'e} Miguel and Fraser,
		  Gordon and McMinn, Phil},
  booktitle	= {Proceedings of the 2015 Annual Conference on Genetic and
		  Evolutionary Computation},
  pages		= {1367--1374},
  year		= {2015},
  organization	= {ACM}
}

@InProceedings{	  shi.gyori.ea:balancing,
  title		= {Balancing trade-offs in test-suite reduction},
  author	= {Shi, August and Gyori, Alex and Gligoric, Milos and
		  Zaytsev, Andrey and Marinov, Darko},
  booktitle	= {Proceedings of the 22nd ACM SIGSOFT International
		  Symposium on Foundations of Software Engineering},
  pages		= {246--256},
  year		= {2014},
  organization	= {ACM}
}

@InProceedings{	  shirabad.lethbridge.ea:supporting,
  title		= {Supporting maintenance of legacy software with data mining
		  techniques},
  author	= {Shirabad, Jelber Sayyad and Lethbridge, Timothy C and
		  Matwin, Stan},
  booktitle	= {Proceedings of the 2000 conference of the Centre for
		  Advanced Studies on Collaborative research},
  pages		= {11},
  year		= {2000},
  organization	= {IBM Press}
}

@Book{		  shirazi:java,
  author	= {Shirazi, Jack},
  title		= {Java Performance Tuning},
  year		= {2002},
  isbn		= {0596003773},
  edition	= {2nd},
  publisher	= {O'Reilly \& Associates, Inc.},
  address	= {Sebastopol, CA, USA}
}

@Article{	  smith.noble:bias,
  title		= {Bias in research},
  author	= {Smith, Joanna and Noble, Helen},
  journal	= {Evidence-based nursing},
  volume	= {17},
  number	= {4},
  pages		= {100--101},
  year		= {2014},
  publisher	= {Royal College of Nursing}
}

@Article{	  soltani.panichella.ea:search-based,
  title		= {Search-Based Crash Reproduction and Its Impact on
		  Debugging},
  author	= {Soltani, Mozhan and Panichella, Annibale and Van Deursen,
		  Arie},
  journal	= {IEEE Transactions on Software Engineering},
  year		= {2018},
  publisher	= {IEEE}
}

@Article{	  song.jia.ea:general,
  title		= {A general software defect-proneness prediction framework},
  author	= {Song, Qinbao and Jia, Zihan and Shepperd, Martin and Ying,
		  Shi and Liu, Jin},
  journal	= {IEEE Transactions on Software Engineering},
  volume	= {37},
  number	= {3},
  pages		= {356--370},
  year		= {2011},
  publisher	= {IEEE}
}

@InProceedings{	  spadini.palomba.ea:on,
  title		= {On the relation of test smells to software code quality},
  author	= {Spadini, Davide and Palomba, Fabio and Zaidman, Andy and
		  Bruntink, Magiel and Bacchelli, Alberto},
  booktitle	= {2018 IEEE International Conference on Software Maintenance
		  and Evolution (ICSME)},
  pages		= {1--12},
  year		= {2018},
  organization	= {IEEE}
}

@InProceedings{	  spadini.palomba.ea:test-driven,
  title		= {Test-driven code review: an empirical study},
  author	= {Spadini, Davide and Palomba, Fabio and Baum, Tobias and
		  Hanenberg, Stefan and Bruntink, Magiel and Bacchelli,
		  Alberto},
  booktitle	= {Proceedings of the 41st International Conference on
		  Software Engineering},
  pages		= {1061--1072},
  year		= {2019},
  organization	= {IEEE Press}
}

@Article{	  spearman:proof,
  author	= {Spearman, C.},
  journal	= {American Journal of Psychology},
  pages		= {88--103},
  timestamp	= {2010-10-21T15:57:03.000+0200},
  title		= {The Proof and Measurement of Association Between Two
		  Things},
  volume	= 15,
  year		= 1904
}

@InProceedings{	  srikanth.williams.ea:system,
  title		= {System test case prioritization of new and regression test
		  cases},
  author	= {Srikanth, Hema and Williams, Laurie and Osborne, Jason},
  booktitle	= {2005 International Symposium on Empirical Software
		  Engineering, 2005.},
  pages		= {10--pp},
  year		= {2005},
  organization	= {IEEE}
}

@Article{	  stone:cross-validatory,
  title		= {Cross-validatory choice and assessment of statistical
		  predictions},
  author	= {Stone, Mervyn},
  journal	= {Journal of the royal statistical society. Series B
		  (Methodological)},
  pages		= {111--147},
  year		= {1974},
  publisher	= {JSTOR}
}

@InProceedings{	  strug.strug:machine,
  title		= {Machine learning approach in mutation testing},
  author	= {Strug, Joanna and Strug, Barbara},
  booktitle	= {IFIP International Conference on Testing Software and
		  Systems},
  pages		= {200--214},
  year		= {2012},
  organization	= {Springer}
}

@InProceedings{	  sun.shrivastava.ea:revisiting,
  title		= {Revisiting unreasonable effectiveness of data in deep
		  learning era},
  author	= {Sun, Chen and Shrivastava, Abhinav and Singh, Saurabh and
		  Gupta, Abhinav},
  booktitle	= {2017 IEEE International Conference on Computer Vision
		  (ICCV)},
  year		= {2017},
  pages		= {843--852}
}

@InProceedings{	  tantithamthavorn.mcintosh.ea:automated,
  title		= {Automated parameter optimization of classification
		  techniques for defect prediction models},
  author	= {Tantithamthavorn, Chakkrit and McIntosh, Shane and Hassan,
		  Ahmed E and Matsumoto, Kenichi},
  booktitle	= {Software Engineering (ICSE), 2016 IEEE/ACM 38th
		  International Conference on},
  pages		= {321--332},
  year		= {2016},
  organization	= {IEEE}
}

@Article{	  tantithamthavorn.mcintosh.ea:empirical,
  title		= {An empirical comparison of model validation techniques for
		  defect prediction models},
  author	= {Tantithamthavorn, Chakkrit and McIntosh, Shane and Hassan,
		  Ahmed E and Matsumoto, Kenichi},
  journal	= {IEEE Transactions on Software Engineering},
  volume	= {43},
  number	= {1},
  pages		= {1--18},
  year		= {2017},
  publisher	= {IEEE}
}

@InProceedings{	  tian.nagappan.ea:what,
  title		= {What are the characteristics of high-rated apps? a case
		  study on free android applications},
  author	= {Tian, Yuan and Nagappan, Meiyappan and Lo, David and
		  Hassan, Ahmed E},
  booktitle	= {Software Maintenance and Evolution (ICSME), 2015 IEEE
		  International Conference on},
  pages		= {301--310},
  year		= {2015},
  organization	= {IEEE}
}

@InProceedings{	  tonella:evolutionary,
  author	= {Tonella, Paolo},
  title		= {Evolutionary Testing of Classes},
  booktitle	= {Proceedings of the 2004 ACM SIGSOFT International
		  Symposium on Software Testing and Analysis},
  series	= {ISSTA '04},
  year		= {2004},
  isbn		= {1-58113-820-2},
  pages		= {119--128},
  numpages	= {10},
  acmid		= {1007528},
  publisher	= {ACM},
  address	= {New York, NY, USA}
}

@InBook{	  torngren.sellgren:complexity,
  author	= "T{\"o}rngren, Martin and Sellgren, Ulf",
  title		= "Complexity Challenges in Development of Cyber-Physical
		  Systems",
  booktitle	= "Principles of Modeling: Essays Dedicated to Edward A. Lee
		  on the Occasion of His 60th Birthday",
  year		= "2018",
  publisher	= "Springer International Publishing",
  address	= "Cham",
  pages		= "478--503",
  isbn		= "978-3-319-95246-8",
  doi		= "10.1007/978-3-319-95246-8_27",
  url		= "https://doi.org/10.1007/978-3-319-95246-8_27"
}

@InProceedings{	  tufano.palomba.ea:empirical,
  title		= {An empirical investigation into the nature of test
		  smells},
  author	= {Tufano, Michele and Palomba, Fabio and Bavota, Gabriele
		  and Di Penta, Massimiliano and Oliveto, Rocco and De Lucia,
		  Andrea and Poshyvanyk, Denys},
  booktitle	= {Proceedings of the 31st IEEE/ACM International Conference
		  on Automated Software Engineering},
  pages		= {4--15},
  year		= {2016}
}

@InProceedings{	  van-deursen.moonen.ea:refactoring,
  title		= {Refactoring test code},
  author	= {Van Deursen, Arie and Moonen, Leon and van den Bergh, Alex
		  and Kok, Gerard},
  booktitle	= {Proceedings of the 2nd international conference on extreme
		  programming and flexible processes in software engineering
		  (XP2001)},
  pages		= {92--95},
  year		= {2001}
}

@Article{	  van-rompaey.du-bois.ea:on,
  title		= {On the detection of test smells: A metrics-based approach
		  for general fixture and eager test},
  author	= {Van Rompaey, Bart and Du Bois, Bart and Demeyer, Serge and
		  Rieger, Matthias},
  journal	= {IEEE Transactions on Software Engineering},
  volume	= {33},
  number	= {12},
  pages		= {800--817},
  year		= {2007},
  publisher	= {IEEE}
}

@Article{	  vargha.delaney:critique,
  author	= {Vargha, A. and Delaney, H. D.},
  journal	= {Journal on Educational and Behavioral Statistics},
  number	= {2},
  pages		= {101--132},
  posted-at	= {2011-10-27 09:12:35},
  priority	= {2},
  title		= {{A Critique and Improvement of the CL Common Language
		  Effect Size Statistics of McGraw and Wong}},
  volume	= {25},
  year		= {2000}
}

@Article{	  vassallo.panichella.ea:how,
  author	= {Carmine Vassallo and Sebastiano Panichella and Fabio
		  Palomba and Sebastian Proksch and Harald C. Gall and Andy
		  Zaidman},
  title		= {How developers engage with static analysis tools in
		  different contexts},
  journal	= {Empirical Software Engineering},
  volume	= {25},
  number	= {2},
  pages		= {1419--1457},
  year		= {2020}
}

@InProceedings{	  vassallo.zampetti.ea:continuous,
  author	= {Carmine Vassallo and Fiorella Zampetti and Daniele Romano
		  and Moritz Beller and Annibale Panichella and Massimiliano
		  Di Penta and Andy Zaidman},
  title		= {Continuous Delivery Practices in a Large Financial
		  Organization},
  booktitle	= {2016 {IEEE} International Conference on Software
		  Maintenance and Evolution, {ICSME} 2016, Raleigh, NC, USA,
		  October 2-7, 2016},
  pages		= {519--528},
  year		= {2016},
  url		= {http://dx.doi.org/10.1109/ICSME.2016.72},
  doi		= {10.1109/ICSME.2016.72},
  biburl	= {http://dblp.uni-trier.de/rec/bib/conf/icsm/VassalloZRBPPZ16},
  bibsource	= {dblp computer science bibliography, http://dblp.org}
}

@Article{	  walker:research,
  title		= {Research column. The Use of Saturation in Qualitative
		  Research.},
  author	= {Walker, Janiece L},
  journal	= {Canadian Journal of Cardiovascular Nursing},
  volume	= {22},
  number	= {2},
  year		= {2012}
}

@InCollection{	  wei.meyer.ea:is,
  title		= {Is branch coverage a good measure of testing
		  effectiveness?},
  author	= {Wei, Yi and Meyer, Bertrand and Oriol, Manuel},
  booktitle	= {Empirical Software Engineering and Verification},
  pages		= {194--212},
  year		= {2012},
  publisher	= {Springer}
}

@Book{		  weiss:learning,
  title		= {Learning from strangers: The art and method of qualitative
		  interview studies},
  author	= {Weiss, Robert S},
  year		= {1995},
  publisher	= {Simon and Schuster}
}

@Article{	  williams:generalized,
  title		= {Generalized ordered logit/partial proportional odds models
		  for ordinal dependent variables},
  author	= {Williams, Richard},
  journal	= {The Stata Journal},
  volume	= {6},
  number	= {1},
  pages		= {58--82},
  year		= {2006},
  publisher	= {SAGE Publications Sage CA: Los Angeles, CA}
}

@Article{	  winship.mare:regression,
  title		= {Regression Models with Ordinal Variables},
  journal	= {American Sociological Review},
  year		= {1984},
  url		= {http://www.asanet.org/journals/asr/},
  author	= {Christopher Winship and Robert D. Mare}
}

@Article{	  wong.debroy.ea:family,
  author	= {W. Eric Wong and Vidroha Debroy and Byoungju Choi},
  title		= {A family of code coverage-based heuristics for effective
		  fault localization},
  journal	= {J. Syst. Softw.},
  volume	= {83},
  number	= {2},
  pages		= {188--208},
  year		= {2010}
}

@InProceedings{	  wong.qi.ea:effective,
  author	= {W. Eric Wong and Yu Qi and Lei Zhao and Kai{-}Yuan Cai},
  title		= {Effective Fault Localization using Code Coverage},
  booktitle	= {{COMPSAC} {(1)}},
  pages		= {449--456},
  publisher	= {{IEEE} Computer Society},
  year		= {2007}
}

@InProceedings{	  xuan.monperrus:test,
  author	= {Xuan, Jifeng and Monperrus, Martin},
  title		= {Test Case Purification for Improving Fault Localization},
  booktitle	= {Proceedings of the International Symposium on Foundations
		  of Software Engineering (FSE)},
  year		= {2014},
  location	= {Hong Kong, China},
  pages		= {52--63},
  numpages	= {12},
  publisher	= {ACM}
}

@Article{	  yamaura:how,
  title		= {How to design practical test cases},
  author	= {Yamaura, Tsuneo},
  journal	= {IEEE software},
  volume	= {15},
  number	= {6},
  pages		= {30--36},
  year		= {1998},
  publisher	= {IEEE}
}

@InProceedings{	  yoo.harman:pareto,
  author	= {Yoo, Shin and Harman, Mark},
  title		= {Pareto Efficient Multi-objective Test Case Selection},
  booktitle	= {Proceedings of the 2007 International Symposium on
		  Software Testing and Analysis},
  series	= {ISSTA '07},
  year		= {2007},
  isbn		= {978-1-59593-734-6},
  pages		= {140--150},
  numpages	= {11},
  acmid		= {1273483}
}

@Article{	  yoo.harman:regression,
  author	= {Yoo, S. and Harman, M.},
  title		= {Regression Testing Minimization, Selection and
		  Prioritization: A Survey},
  journal	= {Softw. Test. Verif. Reliab.},
  issue_date	= {March 2012},
  volume	= {22},
  number	= {2},
  month		= mar,
  year		= {2012},
  issn		= {0960-0833},
  pages		= {67--120},
  numpages	= {54},
  url		= {http://dx.doi.org/10.1002/stv.430},
  doi		= {10.1002/stv.430},
  acmid		= {2284813},
  publisher	= {John Wiley and Sons Ltd.},
  address	= {Chichester, UK}
}

@Article{	  yu.yin.ea:determinants,
  title		= {Determinants of pull-based development in the context of
		  continuous integration},
  author	= {Yu, Yue and Yin, Gang and Wang, Tao and Yang, Cheng and
		  Wang, Huaimin},
  journal	= {Science China Information Sciences},
  volume	= {59},
  number	= {8},
  pages		= {080104},
  year		= {2016},
  publisher	= {Springer}
}

@InProceedings{	  zazworka.shaw.ea:investigating,
  title		= {Investigating the impact of design debt on software
		  quality},
  author	= {Zazworka, Nico and Shaw, Michele A and Shull, Forrest and
		  Seaman, Carolyn},
  booktitle	= {Proceedings of the 2nd Workshop on Managing Technical
		  Debt},
  pages		= {17--23},
  year		= {2011},
  organization	= {ACM}
}

@InProceedings{	  zhang.mesbah:assertions,
  title		= {Assertions are strongly correlated with test suite
		  effectiveness},
  author	= {Zhang, Yucheng and Mesbah, Ali},
  booktitle	= {Proceedings of the 2015 10th Joint Meeting on Foundations
		  of Software Engineering},
  pages		= {214--224},
  year		= {2015},
  organization	= {ACM}
}

@Article{	  zhang.zhang.ea:predictive,
  title		= {Predictive mutation testing},
  author	= {Zhang, Jie and Zhang, Lingming and Harman, Mark and Hao,
		  Dan and Jia, Yue and Zhang, Lu},
  journal	= {IEEE Transactions on Software Engineering},
  year		= {2018},
  publisher	= {IEEE}
}

@InProceedings{	  zhu.panichella.ea:investigation,
  author	= {Zhu, Qianqian and Panichella, Annibale and Zaidman, Andy},
  year		= {2018},
  month		= {04},
  booktitle	= {IEEE Conference on Software Testing, Validation and
		  Verification},
  title		= {An Investigation of Compression Techniques to Speed up
		  Mutation Testing}
}
